<record><leader>00000cas a22000007a 4500</leader><controlfield tag="001">44640142</controlfield><controlfield tag="008">000724d18921893tnuwr ne      0    0eng d</controlfield><datafield ind1=" " ind2=" " tag="010"><subfield code="a">sn 00063780 </subfield></datafield><datafield ind1=" " ind2=" " tag="040"><subfield code="a">TGN</subfield><subfield code="b">eng</subfield><subfield code="c">TGN</subfield><subfield code="d">OCLCQ</subfield><subfield code="d">OCLCF</subfield><subfield code="d">OCLCO</subfield></datafield><datafield ind1="1" ind2=" " tag="029"><subfield code="a">AU@</subfield><subfield code="b">000021675913</subfield></datafield><datafield ind1=" " ind2=" " tag="042"><subfield code="a">msc</subfield></datafield><datafield ind1=" " ind2=" " tag="043"><subfield code="a">n-us-tn</subfield></datafield><datafield ind1="0" ind2=" " tag="130"><subfield code="a">Smith County democrat (Carthage, Tenn. 1892)</subfield></datafield><datafield ind1="1" ind2="4" tag="245"><subfield code="a">The Smith County democrat.</subfield></datafield><datafield ind1=" " ind2=" " tag="260"><subfield code="a">Carthage, Tenn. :</subfield><subfield code="b">Democrat Pub. Co.</subfield></datafield><datafield ind1=" " ind2=" " tag="300"><subfield code="a">v.</subfield></datafield><datafield ind1=" " ind2=" " tag="310"><subfield code="a">Weekly</subfield></datafield><datafield ind1="1" ind2=" " tag="362"><subfield code="a">Began in 1892; ceased in May 1893.</subfield></datafield><datafield ind1=" " ind2=" " tag="500"><subfield code="a">Editor: Aubrey Barber, &lt;1892&gt;</subfield></datafield><datafield ind1=" " ind2=" " tag="580"><subfield code="a">Merged with: Record (Carthage, Tenn. : 1885), to form: Record-democrat (Carthage, Tenn.).</subfield></datafield><datafield ind1=" " ind2=" " tag="588"><subfield code="a">Description based on: Vol. 1, no. 11 (Oct. 7, 1892).</subfield></datafield><datafield ind1=" " ind2="0" tag="651"><subfield code="a">Carthage (Tenn.)</subfield><subfield code="v">Newspapers.</subfield></datafield><datafield ind1=" " ind2="0" tag="651"><subfield code="a">Smith County (Tenn.)</subfield><subfield code="v">Newspapers.</subfield></datafield><datafield ind1=" " ind2="7" tag="655"><subfield code="a">Newspapers.</subfield><subfield code="2">fast</subfield><subfield code="0">(OCoLC)fst01423814</subfield></datafield><datafield ind1=" " ind2="7" tag="651"><subfield code="a">Tennessee</subfield><subfield code="z">Carthage.</subfield><subfield code="2">fast</subfield><subfield code="0">(OCoLC)fst01227248</subfield></datafield><datafield ind1=" " ind2="7" tag="651"><subfield code="a">Tennessee</subfield><subfield code="z">Smith County.</subfield><subfield code="2">fast</subfield><subfield code="0">(OCoLC)fst01213762</subfield></datafield><datafield ind1=" " ind2=" " tag="752"><subfield code="a">United States</subfield><subfield code="b">Tennessee</subfield><subfield code="c">Smith</subfield><subfield code="d">Carthage.</subfield></datafield><datafield ind1="1" ind2="7" tag="785"><subfield code="t">Record (Carthage, Tenn. : 1885)</subfield><subfield code="w">(DLC)sn 89058021</subfield></datafield><datafield ind1="1" ind2="7" tag="785"><subfield code="t">Record-democrat (Carthage, Tenn.)</subfield><subfield code="w">(DLC)sn 89058020</subfield></datafield></record>